<?xml version="1.0" encoding="UTF-8"?>
<OAI-PMH xmlns="http://www.openarchives.org/OAI/2.0/" xmlns:xsi="http://www.w3.org/2001/XMLSchema-instance" xsi:schemaLocation="http://www.openarchives.org/OAI/2.0/ http://www.openarchives.org/OAI/2.0/OAI-PMH.xsd">
<ListRecords>
<record>
<header status="updated">
<identifier>urm_publish:71289747100002121</identifier>
</header>
<metadata>
<record xmlns="http://www.loc.gov/MARC21/slim" xmlns:xsi="http://www.w3.org/2001/XMLSchema-instance" xsi:schemaLocation="http://www.loc.gov/MARC21/slim http://www.loc.gov/standards/marcxml/schema/MARC21slim.xsd" ><leader>00845nam a2200253 a 4500</leader><controlfield tag="005">19990604113142.0</controlfield><controlfield tag="008">820211s1981    caua         f00000 eng d</controlfield><controlfield tag="001">999649651002121</controlfield><datafield tag="035" ind1=" " ind2=" "><subfield code="a">(OCoLC)08157613</subfield></datafield><datafield tag="035" ind1=" " ind2=" "><subfield code="9">ANG9266UW</subfield></datafield><datafield tag="035" ind1=" " ind2=" "><subfield code="a">(WU)2028660-uwmadisondb</subfield></datafield><datafield tag="040" ind1=" " ind2=" "><subfield code="a">GPO</subfield><subfield code="b">eng</subfield><subfield code="c">GPO</subfield><subfield code="d">MGPO-R</subfield></datafield><datafield tag="074" ind1=" " ind2=" "><subfield code="a">337</subfield></datafield><datafield tag="086" ind1="0" ind2=" "><subfield code="a">D 103.2:W 29/14</subfield></datafield><datafield tag="245" ind1="0" ind2="0"><subfield code="a">Water safety /</subfield><subfield code="c">U.S Army, Corps of Engineers.</subfield></datafield><datafield tag="264" ind1=" " ind2="1"><subfield code="a">[Sacramento, Calif.?] :</subfield><subfield code="b">Sacramento District, Corps of Engineers,</subfield><subfield code="c">[1981?]</subfield></datafield><datafield tag="300" ind1=" " ind2=" "><subfield code="a">8 unnumbered pages :</subfield><subfield code="b">illustrations (some color) ;</subfield><subfield code="c">28 cm</subfield></datafield><datafield tag="336" ind1=" " ind2=" "><subfield code="a">text</subfield><subfield code="b">txt</subfield><subfield code="2">rdacontent</subfield></datafield><datafield tag="337" ind1=" " ind2=" "><subfield code="a">unmediated</subfield><subfield code="b">n</subfield><subfield code="2">rdamedia</subfield></datafield><datafield tag="338" ind1=" " ind2=" "><subfield code="a">volume</subfield><subfield code="b">nc</subfield><subfield code="2">rdacarrier</subfield></datafield><datafield tag="500" ind1=" " ind2=" "><subfield code="a">Cover title.</subfield></datafield><datafield tag="650" ind1=" " ind2="0"><subfield code="a">Swimming</subfield><subfield code="x">Safety measures.</subfield><subfield code="2">LCSH</subfield><subfield code="0">41-LIBRARY_OF_CONGRESS-sh 85131207</subfield><subfield code="9">Y</subfield></datafield><datafield tag="710" ind1="1" ind2=" "><subfield code="a">United States.</subfield><subfield code="b">Army.</subfield><subfield code="b">Corps of Engineers.</subfield><subfield code="b">Sacramento District.</subfield><subfield code="2">LCNAMES</subfield><subfield code="0">41-LIBRARY_OF_CONGRESS-n  77015061</subfield><subfield code="9">Y</subfield></datafield><datafield tag="997" ind1=" " ind2=" "><subfield code="a">MARCIVE</subfield></datafield><datafield tag="650" ind1=" " ind2="0"><subfield code="w">g</subfield><subfield code="a">Aerobic exercises</subfield><subfield code="2">LCSH</subfield><subfield code="0">41-LIBRARY_OF_CONGRESS-sh 85131207</subfield><subfield code="9">R</subfield></datafield><datafield tag="650" ind1=" " ind2="0"><subfield code="w">g</subfield><subfield code="a">Aquatic sports</subfield><subfield code="2">LCSH</subfield><subfield code="0">41-LIBRARY_OF_CONGRESS-sh 85131207</subfield><subfield code="9">R</subfield></datafield><datafield tag="650" ind1=" " ind2="0"><subfield code="w">g</subfield><subfield code="a">Athletics</subfield><subfield code="2">LCSH</subfield><subfield code="0">41-LIBRARY_OF_CONGRESS-sh 85131207</subfield><subfield code="9">R</subfield></datafield><datafield tag="650" ind1=" " ind2="0"><subfield code="w">g</subfield><subfield code="a">Human locomotion</subfield><subfield code="2">LCSH</subfield><subfield code="0">41-LIBRARY_OF_CONGRESS-sh 85131207</subfield><subfield code="9">R</subfield></datafield><datafield tag="INST" ind1=" " ind2=" "><subfield code="a">01UWI_NETWORK</subfield><subfield code="b">P</subfield><subfield code="c">71289747100002121</subfield></datafield><datafield tag="INST" ind1=" " ind2=" "><subfield code="a">01UWI_MAD</subfield><subfield code="b">P</subfield><subfield code="c">21563301380002122</subfield></datafield><datafield tag="AVA" ind1=" " ind2=" "><subfield code="0">9920286603602122</subfield><subfield code="8">22806677320002122</subfield><subfield code="a">01UWI_MAD</subfield><subfield code="b">MIDSHELV</subfield><subfield code="c">by request only</subfield><subfield code="d">D 103.2: W 29/14 (12-P-6)</subfield><subfield code="e">available</subfield><subfield code="f">1</subfield><subfield code="g">0</subfield><subfield code="j">stk</subfield><subfield code="k">3</subfield><subfield code="p">1</subfield><subfield code="q">Middleton Shelving Facility</subfield></datafield><datafield tag="AVA" ind1=" " ind2=" "><subfield code="0">9920286603602122</subfield><subfield code="8">22563301350002122</subfield><subfield code="a">01UWI_MAD</subfield><subfield code="b">WHSLIBRARY</subfield><subfield code="c">US Government Documents</subfield><subfield code="d">D 103.2: W 29/14</subfield><subfield code="e">available</subfield><subfield code="f">1</subfield><subfield code="g">0</subfield><subfield code="j">govus</subfield><subfield code="k">3</subfield><subfield code="p">2</subfield><subfield code="q">Wisconsin Historical Society Library</subfield></datafield><datafield tag="MMS" ind1=" " ind2=" "><subfield code="b">999649651002121</subfield><subfield code="a">01UWI_NETWORK</subfield></datafield><datafield tag="MMS" ind1=" " ind2=" "><subfield code="b">9920286603602122</subfield><subfield code="a">01UWI_MAD</subfield></datafield></record>
</metadata>
</record>
</ListRecords>
</OAI-PMH>